% -----------------------------------------------------------------------
% File: CogSci_Template.bib
% -----------------------------------------------------------------------

% Modified : Eli M. Silk (esilk at pitt.edu)            05/24/2005
% Modified : David Noelle (dnoelle at ucmerced.edu)     11/19/2014

@article{coen-cagli2015,
	title = {Flexible gating of contextual influences in natural vision},
	volume = {18},
	issn = {1097-6256, 1546-1726},
	doi = {10.1038/nn.4128},
	language = {en},
	number = {11},
	journal = {Nature Neuroscience},
	author = {Coen-Cagli, Ruben and Kohn, Adam and Schwartz, Odelia},
	year = {2015},
	pages = {1648--1655}
}

@article{feldman2006,
	title = {Bayesian estimation of the shape skeleton},
	volume = {103},
	copyright = {© 2006 by The National Academy of Sciences of the USA.                    Freely available online through the PNAS open access option.},
	issn = {0027-8424, 1091-6490},
	doi = {10.1073/pnas.0608811103},
	language = {en},
	number = {47},
	journal = {Proceedings of the National Academy of Sciences},
	author = {Feldman, Jacob and Singh, Manish},
	year = {2006},
	pmid = {17101989},
	keywords = {computation, vision, \_tablet\_modified},
	pages = {18014--18019}
}

@article{field1993,
	title = {Contour integration by the human visual system: {Evidence} for a local “association field”},
	volume = {33},
	issn = {0042-6989},
	shorttitle = {Contour integration by the human visual system},
	doi = {10.1016/0042-6989(93)90156-Q},
	number = {2},
	journal = {Vision Research},
	author = {Field, David J. and Hayes, Anthony and Hess, Robert F.},
	year = {1993},
	keywords = {Contours, Fractal, Orientation, Psychophysics, Spatial vision, Texture perception, Visual coding},
	pages = {173--193}
}
@article{gousseau2007,
	title = {Modeling {Occlusion} and {Scaling} in {Natural} {Images}},
	volume = {6},
	issn = {1540-3459, 1540-3467},
	doi = {10.1137/060659041},
	language = {en},
	number = {1},
	journal = {Multiscale Modeling \& Simulation},
	author = {Gousseau, Yann and Roueff, François},
	year = {2007},
	pages = {105--134}
}

@book{koffka1935,
	address = {Oxford, England},
	series = {Principles of {Gestalt} psychology},
	title = {Principles of {Gestalt} psychology},
	publisher = {Harcourt, Brace},
	author = {Koffka, K.},
	year = {1935}
}

@article{lee2001,
	title = {Occlusion {Models} for {Natural} {Images}: {A} {Statistical} {Study} of a {Scale}-{Invariant} {Dead} {Leaves} {Model}},
	volume = {41},
	issn = {0920-5691, 1573-1405},
	shorttitle = {Occlusion {Models} for {Natural} {Images}},
	doi = {10.1023/A:1011109015675},
	language = {en},
	number = {1-2},
	journal = {International Journal of Computer Vision},
	author = {Lee, Ann B. and Mumford, David and Huang, Jinggang},
	year = {2001},
	keywords = {\_tablet},
	pages = {35--59}
}

@article{neri2011,
	title = {Global {Properties} of {Natural} {Scenes} {Shape} {Local} {Properties} of {Human} {Edge} {Detectors}},
	volume = {2},
	issn = {1664-1078},
	doi = {10.3389/fpsyg.2011.00172},
	language = {English},
	journal = {Frontiers in Psychology},
	author = {Neri, Peter},
	year = {2011},
	keywords = {inversion effect, reverse correlation, Top-Down, Visual psychophysics}
}

@article{soto2004,
	title = {Spatial attention and object-based attention: a comparison within a single task},
	volume = {44},
	issn = {0042-6989},
	shorttitle = {Spatial attention and object-based attention},
	doi = {10.1016/j.visres.2003.08.013},
	number = {1},
	journal = {Vision Research},
	author = {Soto, David and Blanco, Manuel J.},
	year = {2004},
	keywords = {Object-based attention, Spatial attention, Visual attention},
	pages = {69--81}
}
@incollection{zoran2012,
	title = {Natural {Images}, {Gaussian} {Mixtures} and {Dead} {Leaves}},
	booktitle = {Advances in {Neural} {Information} {Processing} {Systems} 25},
	publisher = {Curran Associates, Inc.},
	author = {Zoran, Daniel and Weiss, Yair},
	editor = {Pereira, F. and Burges, C. J. C. and Bottou, L. and Weinberger, K. Q.},
	year = {2012},
	keywords = {\_tablet},
	pages = {1736--1744}
}

@article{pitkow2010,
	title = {Exact feature probabilities in images with occlusion},
	volume = {10},
	issn = {1534-7362},
	doi = {10.1167/10.14.42},
	language = {en},
	number = {14},
	journal = {Journal of Vision},
	author = {Pitkow, X.},
	year = {2010},
	keywords = {\_tablet, \_tablet\_modified},
	pages = {42:1--20}
}

@InProceedings{ChalnickBillman1988a,
  author =	 {A. Chalnick and D. Billman},
  title =	 {Unsupervised learning of correlational structure},
  booktitle =	 {Proceedings of the Tenth Annual Conference of the
                  Cognitive Science Society},
  pages =	 {510--516},
  year =	 1988,
  address =	 {Hillsdale, NJ},
  publisher =	 {Lawrence Erlbaum Associates}
}

@InCollection{Feigenbaum1963a,
  author =	 {E. A. Feigenbaum},
  title =	 {The simulation of verbal learning behavior},
  booktitle =	 {Computers and thought},
  publisher =	 {McGraw-Hill},
  year =	 1963,
  editor =	 {E. A. Feigenbaum and J. Feldman},
  address =	 {New York}
}

@Article{Hill1983a,
  author =	 {J. A. C. Hill},
  title =	 {A computational model of language acquisition in the
                  two-year old},
  journal =	 {Cognition and Brain Theory},
  year =	 1983,
  volume =	 6,
  pages =	 {287--317}
}

@TechReport{OhlssonLangley1985a,
  author =	 {S. Ohlsson and P. Langley},
  title =	 {Identifying solution paths in cognitive diagnosis},
  institution =	 {Carnegie Mellon University, The Robotics Institute},
  year =	 1985,
  address =	 {Pittsburgh, PA},
  number =	 {CMU-RI-TR-85-2}
}

@PhdThesis{Matlock2001,
  author =	 {Teenie Matlock},
  title =	 {How real is fictive motion?},
  school =	 {Psychology Department, University of California,
                  Santa Cruz},
  year =	 2001,
  type =	 {Doctoral dissertation}
}

@PhdThesis{Lewis1978a,
  author =	 {C. Lewis},
  title =	 {Production system models of practice effects},
  school =	 {Department of Psychology, University of Michigan,
                  Ann Arbor},
  year =	 1978,
  type =	 {Doctoral dissertation}
}

@Book{NewellSimon1972a,
  author =	 {A. Newell and H. A. Simon},
  title =	 {Human problem solving},
  publisher =	 {Prentice-Hall},
  year =	 1972,
  address =	 {Englewood Cliffs, NJ}
}

@Book{ShragerLangley1990a,
  editor =	 {J. Shrager and P. Langley},
  title =	 {Computational models of scientific discovery and
                  theory formation},
  publisher =	 {Morgan Kaufmann},
  year =	 1990,
  address =	 {San Mateo, CA}
}

% -----------------------------------------------------------------------
% Document End
% -----------------------------------------------------------------------
